@ook{logging_log_management,
	title			= {Logging and log management},
	subtitle		= {The authoritative guide to understanding the concepts surrounding logging and log management},
	author			= {Dr. Anton A. Chuvakin, Kevin J. Schmidt, Christopher Philips},
	publisher		= {Elsevier},
	year			= {2013},
	note			= {ISBN: 978-1-59749-635-3} 
}

@book{guide_to_computer_security_log_management,
    title			= {Guide to computer security log management},
    subtitle		= {Recommendations of the National Institute Of Standards And Technology},
    author			= {Karen Kent, Murugiah Souppaya},
    publisher		= {U.S. Department of Commerce},
    year			= {2006}
}

@online{web_based_attacks,
    author = {Justin Crist},
    title = {Web based attacks},
    year = {2007},
    url = {https://www.sans.org/reading-room/whitepapers/application/web-based-attacks-2053},
    urldate = {2015-12-08}
}

@online{tomcat_logs,
    title = {Tomcat Log Files},
    url = {https://httpd.apache.org/docs/trunk/logs.html#accesslog},
    urldate = {2015-12-08}
}

@online{csv_definition,
    title = {Common Format and MIME Type for Comma-Separated Values (CSV) Files},
    url = {https://tools.ietf.org/html/rfc4180},
    urldate = {2015-12-08}
}

@online{brute_force_attack,
    title = {A new tool to stop brute force attacks on WordPress},
    url = {http://blairwilliams.com/2013/09/09/a-new-tool-to-stop-brute-force-attacks-on-wordpress/},
    urldata = {2015-12-09}
}